<collection xmlns="http://www.loc.gov/MARC21/slim"><record><leader>00757nam  2200205   450</leader><controlfield tag="001">962</controlfield><controlfield tag="003">http://montalegre.opacnet.com/OPAC/default.aspx?ContentAreaControl=ShowRegHoldings.ascx&amp;RegNo=16662</controlfield><datafield tag="100" ind1=" " ind2=" "><subfield code="a">19870224d1987    m  y0pory0103    ba</subfield></datafield><datafield tag="101" ind1="1" ind2=" "><subfield code="a">por</subfield><subfield code="c">eng</subfield></datafield><datafield tag="102" ind1=" " ind2=" "><subfield code="a">PT</subfield></datafield><datafield tag="200" ind1="1" ind2=" "><subfield code="a">&lt;O &gt;fio da navalha</subfield><subfield code="f">W. Somerset Maugham</subfield><subfield code="g">trad. Lígia Junqueira Smith</subfield></datafield><datafield tag="210" ind1=" " ind2=" "><subfield code="a">Lisboa</subfield><subfield code="c">Livros do Brasil</subfield><subfield code="d">[D.L. 1987]</subfield></datafield><datafield tag="215" ind1=" " ind2=" "><subfield code="a">275, [3] p.</subfield><subfield code="d">22 cm</subfield></datafield><datafield tag="225" ind1="2" ind2=" "><subfield code="a">Dois mundos</subfield><subfield code="v">12</subfield></datafield><datafield tag="304" ind1=" " ind2=" "><subfield code="a">Tít. orig. : The razor's edge</subfield></datafield><datafield tag="675" ind1=" " ind2=" "><subfield code="a">821.111-31"19"</subfield><subfield code="v">BN</subfield><subfield code="z">por</subfield><subfield code="v">BN</subfield><subfield code="z">por</subfield><subfield code="3">400881</subfield></datafield><datafield tag="700" ind1=" " ind2="1"><subfield code="a">Maugham</subfield><subfield code="b">W. Somerset</subfield><subfield code="f">1874-1965</subfield><subfield code="3">30114</subfield></datafield><datafield tag="702" ind1=" " ind2="1"><subfield code="a">Smith</subfield><subfield code="b">Lígia Junqueira</subfield><subfield code="4">730</subfield><subfield code="3">62013</subfield></datafield><datafield tag="801" ind1=" " ind2="0"><subfield code="a">PT</subfield><subfield code="b">Biblioteca Municipal de Montalegre</subfield><subfield code="g">RPC</subfield></datafield><datafield tag="856" ind1=" " ind2=" "><subfield code="u">locateMedia.asp?cod=20060704092814&amp;ext=jpg</subfield><subfield code="z">CAPA</subfield></datafield><datafield tag="909" ind1="&#9;" ind2=" "><subfield code="a">1</subfield></datafield><datafield tag="966" ind1=" " ind2=" "><subfield code="a">0009047</subfield><subfield code="l">BMM</subfield><subfield code="s">SCG 821 MAU fio 12</subfield></datafield></record></collection>